%YAML 1.1
%TAG !u! tag:unity3d.com,2011:
--- !u!136 &8203311237814768413
CapsuleCollider:
  m_ObjectHideFlags: 0
  m_CorrespondingSourceObject: {fileID: 0}
  m_PrefabInstance: {fileID: 0}
  m_PrefabAsset: {fileID: 0}
  m_GameObject: {fileID: 3250973053581116819}
  m_Material: {fileID: 0}
  m_IsTrigger: 0
  m_Enabled: 1
  m_Radius: 0.5
  m_Height: 1.5
  m_Direction: 1
  m_Center: {x: 0, y: 0.25, z: 0}
--- !u!1001 &68146290758147957
PrefabInstance:
  m_ObjectHideFlags: 0
  serializedVersion: 2
  m_Modification:
    m_TransformParent: {fileID: 5006736002500722007}
    m_Modifications:
    - target: {fileID: 100002, guid: 49d9525f037266a40ace017edf7b90d7, type: 3}
      propertyPath: m_Name
      value: Dirt_CatFootprint (2)
      objectReference: {fileID: 0}
    - target: {fileID: 400002, guid: 49d9525f037266a40ace017edf7b90d7, type: 3}
      propertyPath: m_LocalPosition.x
      value: -0.174
      objectReference: {fileID: 0}
    - target: {fileID: 400002, guid: 49d9525f037266a40ace017edf7b90d7, type: 3}
      propertyPath: m_LocalPosition.y
      value: 0
      objectReference: {fileID: 0}
    - target: {fileID: 400002, guid: 49d9525f037266a40ace017edf7b90d7, type: 3}
      propertyPath: m_LocalPosition.z
      value: -0.04
      objectReference: {fileID: 0}
    - target: {fileID: 400002, guid: 49d9525f037266a40ace017edf7b90d7, type: 3}
      propertyPath: m_LocalRotation.x
      value: -0
      objectReference: {fileID: 0}
    - target: {fileID: 400002, guid: 49d9525f037266a40ace017edf7b90d7, type: 3}
      propertyPath: m_LocalRotation.y
      value: 0.13764784
      objectReference: {fileID: 0}
    - target: {fileID: 400002, guid: 49d9525f037266a40ace017edf7b90d7, type: 3}
      propertyPath: m_LocalRotation.z
      value: -0
      objectReference: {fileID: 0}
    - target: {fileID: 400002, guid: 49d9525f037266a40ace017edf7b90d7, type: 3}
      propertyPath: m_LocalRotation.w
      value: 0.99048126
      objectReference: {fileID: 0}
    - target: {fileID: 400002, guid: 49d9525f037266a40ace017edf7b90d7, type: 3}
      propertyPath: m_RootOrder
      value: 2
      objectReference: {fileID: 0}
    - target: {fileID: 400002, guid: 49d9525f037266a40ace017edf7b90d7, type: 3}
      propertyPath: m_LocalEulerAnglesHint.x
      value: 0
      objectReference: {fileID: 0}
    - target: {fileID: 400002, guid: 49d9525f037266a40ace017edf7b90d7, type: 3}
      propertyPath: m_LocalEulerAnglesHint.y
      value: 15.824
      objectReference: {fileID: 0}
    - target: {fileID: 400002, guid: 49d9525f037266a40ace017edf7b90d7, type: 3}
      propertyPath: m_LocalEulerAnglesHint.z
      value: 0
      objectReference: {fileID: 0}
    - target: {fileID: 400002, guid: 49d9525f037266a40ace017edf7b90d7, type: 3}
      propertyPath: m_LocalScale.x
      value: 1.0000002
      objectReference: {fileID: 0}
    - target: {fileID: 400002, guid: 49d9525f037266a40ace017edf7b90d7, type: 3}
      propertyPath: m_LocalScale.z
      value: 1.0000002
      objectReference: {fileID: 0}
    - target: {fileID: 2300002, guid: 49d9525f037266a40ace017edf7b90d7, type: 3}
      propertyPath: m_Materials.Array.data[0]
      value: 
      objectReference: {fileID: 2100000, guid: e19ed17038b089843ac72a024fb161d6, type: 2}
    m_RemovedComponents: []
  m_SourcePrefab: {fileID: 100100000, guid: 49d9525f037266a40ace017edf7b90d7, type: 3}
--- !u!1001 &650276656246070487
PrefabInstance:
  m_ObjectHideFlags: 0
  serializedVersion: 2
  m_Modification:
    m_TransformParent: {fileID: 4340943630847570776}
    m_Modifications:
    - target: {fileID: 100002, guid: 49d9525f037266a40ace017edf7b90d7, type: 3}
      propertyPath: m_Name
      value: Dirt_CatFootprint (5)
      objectReference: {fileID: 0}
    - target: {fileID: 400002, guid: 49d9525f037266a40ace017edf7b90d7, type: 3}
      propertyPath: m_LocalPosition.x
      value: 0.25
      objectReference: {fileID: 0}
    - target: {fileID: 400002, guid: 49d9525f037266a40ace017edf7b90d7, type: 3}
      propertyPath: m_LocalPosition.y
      value: 0
      objectReference: {fileID: 0}
    - target: {fileID: 400002, guid: 49d9525f037266a40ace017edf7b90d7, type: 3}
      propertyPath: m_LocalPosition.z
      value: -0.104
      objectReference: {fileID: 0}
    - target: {fileID: 400002, guid: 49d9525f037266a40ace017edf7b90d7, type: 3}
      propertyPath: m_LocalRotation.x
      value: -0
      objectReference: {fileID: 0}
    - target: {fileID: 400002, guid: 49d9525f037266a40ace017edf7b90d7, type: 3}
      propertyPath: m_LocalRotation.y
      value: -0.36781335
      objectReference: {fileID: 0}
    - target: {fileID: 400002, guid: 49d9525f037266a40ace017edf7b90d7, type: 3}
      propertyPath: m_LocalRotation.z
      value: -0
      objectReference: {fileID: 0}
    - target: {fileID: 400002, guid: 49d9525f037266a40ace017edf7b90d7, type: 3}
      propertyPath: m_LocalRotation.w
      value: 0.92989963
      objectReference: {fileID: 0}
    - target: {fileID: 400002, guid: 49d9525f037266a40ace017edf7b90d7, type: 3}
      propertyPath: m_RootOrder
      value: 0
      objectReference: {fileID: 0}
    - target: {fileID: 400002, guid: 49d9525f037266a40ace017edf7b90d7, type: 3}
      propertyPath: m_LocalEulerAnglesHint.x
      value: 0
      objectReference: {fileID: 0}
    - target: {fileID: 400002, guid: 49d9525f037266a40ace017edf7b90d7, type: 3}
      propertyPath: m_LocalEulerAnglesHint.y
      value: -43.162003
      objectReference: {fileID: 0}
    - target: {fileID: 400002, guid: 49d9525f037266a40ace017edf7b90d7, type: 3}
      propertyPath: m_LocalEulerAnglesHint.z
      value: 0
      objectReference: {fileID: 0}
    - target: {fileID: 2300002, guid: 49d9525f037266a40ace017edf7b90d7, type: 3}
      propertyPath: m_Materials.Array.data[0]
      value: 
      objectReference: {fileID: 2100000, guid: e19ed17038b089843ac72a024fb161d6, type: 2}
    m_RemovedComponents: []
  m_SourcePrefab: {fileID: 100100000, guid: 49d9525f037266a40ace017edf7b90d7, type: 3}
--- !u!1001 &1431680517800099533
PrefabInstance:
  m_ObjectHideFlags: 0
  serializedVersion: 2
  m_Modification:
    m_TransformParent: {fileID: 5006736002500722007}
    m_Modifications:
    - target: {fileID: 100002, guid: 49d9525f037266a40ace017edf7b90d7, type: 3}
      propertyPath: m_Name
      value: Dirt_CatFootprint (3)
      objectReference: {fileID: 0}
    - target: {fileID: 400002, guid: 49d9525f037266a40ace017edf7b90d7, type: 3}
      propertyPath: m_LocalPosition.x
      value: 0.31799996
      objectReference: {fileID: 0}
    - target: {fileID: 400002, guid: 49d9525f037266a40ace017edf7b90d7, type: 3}
      propertyPath: m_LocalPosition.y
      value: 0
      objectReference: {fileID: 0}
    - target: {fileID: 400002, guid: 49d9525f037266a40ace017edf7b90d7, type: 3}
      propertyPath: m_LocalPosition.z
      value: 0.102999985
      objectReference: {fileID: 0}
    - target: {fileID: 400002, guid: 49d9525f037266a40ace017edf7b90d7, type: 3}
      propertyPath: m_LocalRotation.x
      value: -0
      objectReference: {fileID: 0}
    - target: {fileID: 400002, guid: 49d9525f037266a40ace017edf7b90d7, type: 3}
      propertyPath: m_LocalRotation.y
      value: 0.153503
      objectReference: {fileID: 0}
    - target: {fileID: 400002, guid: 49d9525f037266a40ace017edf7b90d7, type: 3}
      propertyPath: m_LocalRotation.z
      value: -0
      objectReference: {fileID: 0}
    - target: {fileID: 400002, guid: 49d9525f037266a40ace017edf7b90d7, type: 3}
      propertyPath: m_LocalRotation.w
      value: 0.9881482
      objectReference: {fileID: 0}
    - target: {fileID: 400002, guid: 49d9525f037266a40ace017edf7b90d7, type: 3}
      propertyPath: m_RootOrder
      value: 3
      objectReference: {fileID: 0}
    - target: {fileID: 400002, guid: 49d9525f037266a40ace017edf7b90d7, type: 3}
      propertyPath: m_LocalEulerAnglesHint.x
      value: 0
      objectReference: {fileID: 0}
    - target: {fileID: 400002, guid: 49d9525f037266a40ace017edf7b90d7, type: 3}
      propertyPath: m_LocalEulerAnglesHint.y
      value: 17.660002
      objectReference: {fileID: 0}
    - target: {fileID: 400002, guid: 49d9525f037266a40ace017edf7b90d7, type: 3}
      propertyPath: m_LocalEulerAnglesHint.z
      value: 0
      objectReference: {fileID: 0}
    - target: {fileID: 400002, guid: 49d9525f037266a40ace017edf7b90d7, type: 3}
      propertyPath: m_LocalScale.x
      value: 0.9999999
      objectReference: {fileID: 0}
    - target: {fileID: 400002, guid: 49d9525f037266a40ace017edf7b90d7, type: 3}
      propertyPath: m_LocalScale.z
      value: 0.9999999
      objectReference: {fileID: 0}
    - target: {fileID: 2300002, guid: 49d9525f037266a40ace017edf7b90d7, type: 3}
      propertyPath: m_Materials.Array.data[0]
      value: 
      objectReference: {fileID: 2100000, guid: e19ed17038b089843ac72a024fb161d6, type: 2}
    m_RemovedComponents: []
  m_SourcePrefab: {fileID: 100100000, guid: 49d9525f037266a40ace017edf7b90d7, type: 3}
--- !u!1001 &2393749314120661995
PrefabInstance:
  m_ObjectHideFlags: 0
  serializedVersion: 2
  m_Modification:
    m_TransformParent: {fileID: 4340943630847570776}
    m_Modifications:
    - target: {fileID: 100002, guid: 49d9525f037266a40ace017edf7b90d7, type: 3}
      propertyPath: m_Name
      value: Dirt_CatFootprint (8)
      objectReference: {fileID: 0}
    - target: {fileID: 400002, guid: 49d9525f037266a40ace017edf7b90d7, type: 3}
      propertyPath: m_LocalPosition.x
      value: 0.036
      objectReference: {fileID: 0}
    - target: {fileID: 400002, guid: 49d9525f037266a40ace017edf7b90d7, type: 3}
      propertyPath: m_LocalPosition.y
      value: 0
      objectReference: {fileID: 0}
    - target: {fileID: 400002, guid: 49d9525f037266a40ace017edf7b90d7, type: 3}
      propertyPath: m_LocalPosition.z
      value: 0.358
      objectReference: {fileID: 0}
    - target: {fileID: 400002, guid: 49d9525f037266a40ace017edf7b90d7, type: 3}
      propertyPath: m_LocalRotation.x
      value: -0
      objectReference: {fileID: 0}
    - target: {fileID: 400002, guid: 49d9525f037266a40ace017edf7b90d7, type: 3}
      propertyPath: m_LocalRotation.y
      value: 0.98633796
      objectReference: {fileID: 0}
    - target: {fileID: 400002, guid: 49d9525f037266a40ace017edf7b90d7, type: 3}
      propertyPath: m_LocalRotation.z
      value: -0
      objectReference: {fileID: 0}
    - target: {fileID: 400002, guid: 49d9525f037266a40ace017edf7b90d7, type: 3}
      propertyPath: m_LocalRotation.w
      value: 0.16473462
      objectReference: {fileID: 0}
    - target: {fileID: 400002, guid: 49d9525f037266a40ace017edf7b90d7, type: 3}
      propertyPath: m_RootOrder
      value: 3
      objectReference: {fileID: 0}
    - target: {fileID: 400002, guid: 49d9525f037266a40ace017edf7b90d7, type: 3}
      propertyPath: m_LocalEulerAnglesHint.x
      value: 0
      objectReference: {fileID: 0}
    - target: {fileID: 400002, guid: 49d9525f037266a40ace017edf7b90d7, type: 3}
      propertyPath: m_LocalEulerAnglesHint.y
      value: 161.03601
      objectReference: {fileID: 0}
    - target: {fileID: 400002, guid: 49d9525f037266a40ace017edf7b90d7, type: 3}
      propertyPath: m_LocalEulerAnglesHint.z
      value: 0
      objectReference: {fileID: 0}
    - target: {fileID: 2300002, guid: 49d9525f037266a40ace017edf7b90d7, type: 3}
      propertyPath: m_Materials.Array.data[0]
      value: 
      objectReference: {fileID: 2100000, guid: e19ed17038b089843ac72a024fb161d6, type: 2}
    m_RemovedComponents: []
  m_SourcePrefab: {fileID: 100100000, guid: 49d9525f037266a40ace017edf7b90d7, type: 3}
--- !u!1001 &2594840670300250631
PrefabInstance:
  m_ObjectHideFlags: 0
  serializedVersion: 2
  m_Modification:
    m_TransformParent: {fileID: 4340943630847570776}
    m_Modifications:
    - target: {fileID: 100002, guid: 49d9525f037266a40ace017edf7b90d7, type: 3}
      propertyPath: m_Name
      value: Dirt_CatFootprint (6)
      objectReference: {fileID: 0}
    - target: {fileID: 400002, guid: 49d9525f037266a40ace017edf7b90d7, type: 3}
      propertyPath: m_LocalPosition.x
      value: -0.163
      objectReference: {fileID: 0}
    - target: {fileID: 400002, guid: 49d9525f037266a40ace017edf7b90d7, type: 3}
      propertyPath: m_LocalPosition.y
      value: 0
      objectReference: {fileID: 0}
    - target: {fileID: 400002, guid: 49d9525f037266a40ace017edf7b90d7, type: 3}
      propertyPath: m_LocalPosition.z
      value: -0.292
      objectReference: {fileID: 0}
    - target: {fileID: 400002, guid: 49d9525f037266a40ace017edf7b90d7, type: 3}
      propertyPath: m_LocalRotation.x
      value: -0
      objectReference: {fileID: 0}
    - target: {fileID: 400002, guid: 49d9525f037266a40ace017edf7b90d7, type: 3}
      propertyPath: m_LocalRotation.y
      value: -0.27646974
      objectReference: {fileID: 0}
    - target: {fileID: 400002, guid: 49d9525f037266a40ace017edf7b90d7, type: 3}
      propertyPath: m_LocalRotation.z
      value: -0
      objectReference: {fileID: 0}
    - target: {fileID: 400002, guid: 49d9525f037266a40ace017edf7b90d7, type: 3}
      propertyPath: m_LocalRotation.w
      value: 0.9610227
      objectReference: {fileID: 0}
    - target: {fileID: 400002, guid: 49d9525f037266a40ace017edf7b90d7, type: 3}
      propertyPath: m_RootOrder
      value: 1
      objectReference: {fileID: 0}
    - target: {fileID: 400002, guid: 49d9525f037266a40ace017edf7b90d7, type: 3}
      propertyPath: m_LocalEulerAnglesHint.x
      value: 0
      objectReference: {fileID: 0}
    - target: {fileID: 400002, guid: 49d9525f037266a40ace017edf7b90d7, type: 3}
      propertyPath: m_LocalEulerAnglesHint.y
      value: -32.099003
      objectReference: {fileID: 0}
    - target: {fileID: 400002, guid: 49d9525f037266a40ace017edf7b90d7, type: 3}
      propertyPath: m_LocalEulerAnglesHint.z
      value: 0
      objectReference: {fileID: 0}
    - target: {fileID: 2300002, guid: 49d9525f037266a40ace017edf7b90d7, type: 3}
      propertyPath: m_Materials.Array.data[0]
      value: 
      objectReference: {fileID: 2100000, guid: e19ed17038b089843ac72a024fb161d6, type: 2}
    m_RemovedComponents: []
  m_SourcePrefab: {fileID: 100100000, guid: 49d9525f037266a40ace017edf7b90d7, type: 3}
--- !u!1001 &2632530295319794860
PrefabInstance:
  m_ObjectHideFlags: 0
  serializedVersion: 2
  m_Modification:
    m_TransformParent: {fileID: 7092221985054253697}
    m_Modifications:
    - target: {fileID: 100002, guid: 49d9525f037266a40ace017edf7b90d7, type: 3}
      propertyPath: m_Name
      value: Dirt_CatFootprint (9)
      objectReference: {fileID: 0}
    - target: {fileID: 400002, guid: 49d9525f037266a40ace017edf7b90d7, type: 3}
      propertyPath: m_LocalPosition.x
      value: -0.21
      objectReference: {fileID: 0}
    - target: {fileID: 400002, guid: 49d9525f037266a40ace017edf7b90d7, type: 3}
      propertyPath: m_LocalPosition.y
      value: 0
      objectReference: {fileID: 0}
    - target: {fileID: 400002, guid: 49d9525f037266a40ace017edf7b90d7, type: 3}
      propertyPath: m_LocalPosition.z
      value: 0.339
      objectReference: {fileID: 0}
    - target: {fileID: 400002, guid: 49d9525f037266a40ace017edf7b90d7, type: 3}
      propertyPath: m_LocalRotation.x
      value: -0
      objectReference: {fileID: 0}
    - target: {fileID: 400002, guid: 49d9525f037266a40ace017edf7b90d7, type: 3}
      propertyPath: m_LocalRotation.y
      value: 0.8309193
      objectReference: {fileID: 0}
    - target: {fileID: 400002, guid: 49d9525f037266a40ace017edf7b90d7, type: 3}
      propertyPath: m_LocalRotation.z
      value: -0
      objectReference: {fileID: 0}
    - target: {fileID: 400002, guid: 49d9525f037266a40ace017edf7b90d7, type: 3}
      propertyPath: m_LocalRotation.w
      value: 0.5563929
      objectReference: {fileID: 0}
    - target: {fileID: 400002, guid: 49d9525f037266a40ace017edf7b90d7, type: 3}
      propertyPath: m_RootOrder
      value: 0
      objectReference: {fileID: 0}
    - target: {fileID: 400002, guid: 49d9525f037266a40ace017edf7b90d7, type: 3}
      propertyPath: m_LocalEulerAnglesHint.x
      value: 0
      objectReference: {fileID: 0}
    - target: {fileID: 400002, guid: 49d9525f037266a40ace017edf7b90d7, type: 3}
      propertyPath: m_LocalEulerAnglesHint.y
      value: 112.38701
      objectReference: {fileID: 0}
    - target: {fileID: 400002, guid: 49d9525f037266a40ace017edf7b90d7, type: 3}
      propertyPath: m_LocalEulerAnglesHint.z
      value: 0
      objectReference: {fileID: 0}
    - target: {fileID: 400002, guid: 49d9525f037266a40ace017edf7b90d7, type: 3}
      propertyPath: m_LocalScale.x
      value: 1
      objectReference: {fileID: 0}
    - target: {fileID: 400002, guid: 49d9525f037266a40ace017edf7b90d7, type: 3}
      propertyPath: m_LocalScale.z
      value: 1
      objectReference: {fileID: 0}
    - target: {fileID: 2300002, guid: 49d9525f037266a40ace017edf7b90d7, type: 3}
      propertyPath: m_Materials.Array.data[0]
      value: 
      objectReference: {fileID: 2100000, guid: e19ed17038b089843ac72a024fb161d6, type: 2}
    m_RemovedComponents: []
  m_SourcePrefab: {fileID: 100100000, guid: 49d9525f037266a40ace017edf7b90d7, type: 3}
--- !u!1001 &4724593524377809348
PrefabInstance:
  m_ObjectHideFlags: 0
  serializedVersion: 2
  m_Modification:
    m_TransformParent: {fileID: 7092221985054253697}
    m_Modifications:
    - target: {fileID: 100002, guid: 49d9525f037266a40ace017edf7b90d7, type: 3}
      propertyPath: m_Name
      value: Dirt_CatFootprint (12)
      objectReference: {fileID: 0}
    - target: {fileID: 400002, guid: 49d9525f037266a40ace017edf7b90d7, type: 3}
      propertyPath: m_LocalPosition.x
      value: 0.264
      objectReference: {fileID: 0}
    - target: {fileID: 400002, guid: 49d9525f037266a40ace017edf7b90d7, type: 3}
      propertyPath: m_LocalPosition.y
      value: 0
      objectReference: {fileID: 0}
    - target: {fileID: 400002, guid: 49d9525f037266a40ace017edf7b90d7, type: 3}
      propertyPath: m_LocalPosition.z
      value: 0.26
      objectReference: {fileID: 0}
    - target: {fileID: 400002, guid: 49d9525f037266a40ace017edf7b90d7, type: 3}
      propertyPath: m_LocalRotation.x
      value: -0
      objectReference: {fileID: 0}
    - target: {fileID: 400002, guid: 49d9525f037266a40ace017edf7b90d7, type: 3}
      propertyPath: m_LocalRotation.y
      value: 0.70792955
      objectReference: {fileID: 0}
    - target: {fileID: 400002, guid: 49d9525f037266a40ace017edf7b90d7, type: 3}
      propertyPath: m_LocalRotation.z
      value: -0
      objectReference: {fileID: 0}
    - target: {fileID: 400002, guid: 49d9525f037266a40ace017edf7b90d7, type: 3}
      propertyPath: m_LocalRotation.w
      value: -0.7062831
      objectReference: {fileID: 0}
    - target: {fileID: 400002, guid: 49d9525f037266a40ace017edf7b90d7, type: 3}
      propertyPath: m_RootOrder
      value: 3
      objectReference: {fileID: 0}
    - target: {fileID: 400002, guid: 49d9525f037266a40ace017edf7b90d7, type: 3}
      propertyPath: m_LocalEulerAnglesHint.x
      value: 0
      objectReference: {fileID: 0}
    - target: {fileID: 400002, guid: 49d9525f037266a40ace017edf7b90d7, type: 3}
      propertyPath: m_LocalEulerAnglesHint.y
      value: 269.867
      objectReference: {fileID: 0}
    - target: {fileID: 400002, guid: 49d9525f037266a40ace017edf7b90d7, type: 3}
      propertyPath: m_LocalEulerAnglesHint.z
      value: 0
      objectReference: {fileID: 0}
    - target: {fileID: 400002, guid: 49d9525f037266a40ace017edf7b90d7, type: 3}
      propertyPath: m_LocalScale.x
      value: 1
      objectReference: {fileID: 0}
    - target: {fileID: 400002, guid: 49d9525f037266a40ace017edf7b90d7, type: 3}
      propertyPath: m_LocalScale.z
      value: 1
      objectReference: {fileID: 0}
    - target: {fileID: 2300002, guid: 49d9525f037266a40ace017edf7b90d7, type: 3}
      propertyPath: m_Materials.Array.data[0]
      value: 
      objectReference: {fileID: 2100000, guid: e19ed17038b089843ac72a024fb161d6, type: 2}
    m_RemovedComponents: []
  m_SourcePrefab: {fileID: 100100000, guid: 49d9525f037266a40ace017edf7b90d7, type: 3}
--- !u!1001 &5313135179072901519
PrefabInstance:
  m_ObjectHideFlags: 0
  serializedVersion: 2
  m_Modification:
    m_TransformParent: {fileID: 4340943630847570776}
    m_Modifications:
    - target: {fileID: 100002, guid: 49d9525f037266a40ace017edf7b90d7, type: 3}
      propertyPath: m_Name
      value: Dirt_CatFootprint (7)
      objectReference: {fileID: 0}
    - target: {fileID: 400002, guid: 49d9525f037266a40ace017edf7b90d7, type: 3}
      propertyPath: m_LocalPosition.x
      value: -0.339
      objectReference: {fileID: 0}
    - target: {fileID: 400002, guid: 49d9525f037266a40ace017edf7b90d7, type: 3}
      propertyPath: m_LocalPosition.y
      value: 0
      objectReference: {fileID: 0}
    - target: {fileID: 400002, guid: 49d9525f037266a40ace017edf7b90d7, type: 3}
      propertyPath: m_LocalPosition.z
      value: 0.105
      objectReference: {fileID: 0}
    - target: {fileID: 400002, guid: 49d9525f037266a40ace017edf7b90d7, type: 3}
      propertyPath: m_LocalRotation.x
      value: -0
      objectReference: {fileID: 0}
    - target: {fileID: 400002, guid: 49d9525f037266a40ace017edf7b90d7, type: 3}
      propertyPath: m_LocalRotation.y
      value: 0.49652323
      objectReference: {fileID: 0}
    - target: {fileID: 400002, guid: 49d9525f037266a40ace017edf7b90d7, type: 3}
      propertyPath: m_LocalRotation.z
      value: -0
      objectReference: {fileID: 0}
    - target: {fileID: 400002, guid: 49d9525f037266a40ace017edf7b90d7, type: 3}
      propertyPath: m_LocalRotation.w
      value: 0.86802346
      objectReference: {fileID: 0}
    - target: {fileID: 400002, guid: 49d9525f037266a40ace017edf7b90d7, type: 3}
      propertyPath: m_RootOrder
      value: 2
      objectReference: {fileID: 0}
    - target: {fileID: 400002, guid: 49d9525f037266a40ace017edf7b90d7, type: 3}
      propertyPath: m_LocalEulerAnglesHint.x
      value: 0
      objectReference: {fileID: 0}
    - target: {fileID: 400002, guid: 49d9525f037266a40ace017edf7b90d7, type: 3}
      propertyPath: m_LocalEulerAnglesHint.y
      value: 59.540005
      objectReference: {fileID: 0}
    - target: {fileID: 400002, guid: 49d9525f037266a40ace017edf7b90d7, type: 3}
      propertyPath: m_LocalEulerAnglesHint.z
      value: 0
      objectReference: {fileID: 0}
    - target: {fileID: 2300002, guid: 49d9525f037266a40ace017edf7b90d7, type: 3}
      propertyPath: m_Materials.Array.data[0]
      value: 
      objectReference: {fileID: 2100000, guid: e19ed17038b089843ac72a024fb161d6, type: 2}
    m_RemovedComponents: []
  m_SourcePrefab: {fileID: 100100000, guid: 49d9525f037266a40ace017edf7b90d7, type: 3}
--- !u!1001 &6894508579706230179
PrefabInstance:
  m_ObjectHideFlags: 0
  serializedVersion: 2
  m_Modification:
    m_TransformParent: {fileID: 5006736002500722007}
    m_Modifications:
    - target: {fileID: 100002, guid: 49d9525f037266a40ace017edf7b90d7, type: 3}
      propertyPath: m_Name
      value: Dirt_CatFootprint (1)
      objectReference: {fileID: 0}
    - target: {fileID: 400002, guid: 49d9525f037266a40ace017edf7b90d7, type: 3}
      propertyPath: m_LocalPosition.x
      value: 0.056
      objectReference: {fileID: 0}
    - target: {fileID: 400002, guid: 49d9525f037266a40ace017edf7b90d7, type: 3}
      propertyPath: m_LocalPosition.y
      value: 0
      objectReference: {fileID: 0}
    - target: {fileID: 400002, guid: 49d9525f037266a40ace017edf7b90d7, type: 3}
      propertyPath: m_LocalPosition.z
      value: -0.162
      objectReference: {fileID: 0}
    - target: {fileID: 400002, guid: 49d9525f037266a40ace017edf7b90d7, type: 3}
      propertyPath: m_LocalRotation.x
      value: -0
      objectReference: {fileID: 0}
    - target: {fileID: 400002, guid: 49d9525f037266a40ace017edf7b90d7, type: 3}
      propertyPath: m_LocalRotation.y
      value: -0.30617216
      objectReference: {fileID: 0}
    - target: {fileID: 400002, guid: 49d9525f037266a40ace017edf7b90d7, type: 3}
      propertyPath: m_LocalRotation.z
      value: -0
      objectReference: {fileID: 0}
    - target: {fileID: 400002, guid: 49d9525f037266a40ace017edf7b90d7, type: 3}
      propertyPath: m_LocalRotation.w
      value: 0.95197624
      objectReference: {fileID: 0}
    - target: {fileID: 400002, guid: 49d9525f037266a40ace017edf7b90d7, type: 3}
      propertyPath: m_RootOrder
      value: 1
      objectReference: {fileID: 0}
    - target: {fileID: 400002, guid: 49d9525f037266a40ace017edf7b90d7, type: 3}
      propertyPath: m_LocalEulerAnglesHint.x
      value: 0
      objectReference: {fileID: 0}
    - target: {fileID: 400002, guid: 49d9525f037266a40ace017edf7b90d7, type: 3}
      propertyPath: m_LocalEulerAnglesHint.y
      value: -35.657
      objectReference: {fileID: 0}
    - target: {fileID: 400002, guid: 49d9525f037266a40ace017edf7b90d7, type: 3}
      propertyPath: m_LocalEulerAnglesHint.z
      value: 0
      objectReference: {fileID: 0}
    - target: {fileID: 2300002, guid: 49d9525f037266a40ace017edf7b90d7, type: 3}
      propertyPath: m_Materials.Array.data[0]
      value: 
      objectReference: {fileID: 2100000, guid: e19ed17038b089843ac72a024fb161d6, type: 2}
    m_RemovedComponents: []
  m_SourcePrefab: {fileID: 100100000, guid: 49d9525f037266a40ace017edf7b90d7, type: 3}
--- !u!1001 &7486615413052652403
PrefabInstance:
  m_ObjectHideFlags: 0
  serializedVersion: 2
  m_Modification:
    m_TransformParent: {fileID: 5006736002500722007}
    m_Modifications:
    - target: {fileID: 100002, guid: 49d9525f037266a40ace017edf7b90d7, type: 3}
      propertyPath: m_Name
      value: Dirt_CatFootprint (4)
      objectReference: {fileID: 0}
    - target: {fileID: 400002, guid: 49d9525f037266a40ace017edf7b90d7, type: 3}
      propertyPath: m_LocalPosition.x
      value: 0.032
      objectReference: {fileID: 0}
    - target: {fileID: 400002, guid: 49d9525f037266a40ace017edf7b90d7, type: 3}
      propertyPath: m_LocalPosition.y
      value: 0
      objectReference: {fileID: 0}
    - target: {fileID: 400002, guid: 49d9525f037266a40ace017edf7b90d7, type: 3}
      propertyPath: m_LocalPosition.z
      value: 0.037
      objectReference: {fileID: 0}
    - target: {fileID: 400002, guid: 49d9525f037266a40ace017edf7b90d7, type: 3}
      propertyPath: m_LocalRotation.x
      value: -0
      objectReference: {fileID: 0}
    - target: {fileID: 400002, guid: 49d9525f037266a40ace017edf7b90d7, type: 3}
      propertyPath: m_LocalRotation.y
      value: -0.28301877
      objectReference: {fileID: 0}
    - target: {fileID: 400002, guid: 49d9525f037266a40ace017edf7b90d7, type: 3}
      propertyPath: m_LocalRotation.z
      value: -0
      objectReference: {fileID: 0}
    - target: {fileID: 400002, guid: 49d9525f037266a40ace017edf7b90d7, type: 3}
      propertyPath: m_LocalRotation.w
      value: 0.95911443
      objectReference: {fileID: 0}
    - target: {fileID: 400002, guid: 49d9525f037266a40ace017edf7b90d7, type: 3}
      propertyPath: m_RootOrder
      value: 4
      objectReference: {fileID: 0}
    - target: {fileID: 400002, guid: 49d9525f037266a40ace017edf7b90d7, type: 3}
      propertyPath: m_LocalEulerAnglesHint.x
      value: 0
      objectReference: {fileID: 0}
    - target: {fileID: 400002, guid: 49d9525f037266a40ace017edf7b90d7, type: 3}
      propertyPath: m_LocalEulerAnglesHint.y
      value: -32.881
      objectReference: {fileID: 0}
    - target: {fileID: 400002, guid: 49d9525f037266a40ace017edf7b90d7, type: 3}
      propertyPath: m_LocalEulerAnglesHint.z
      value: 0
      objectReference: {fileID: 0}
    - target: {fileID: 2300002, guid: 49d9525f037266a40ace017edf7b90d7, type: 3}
      propertyPath: m_Materials.Array.data[0]
      value: 
      objectReference: {fileID: 2100000, guid: e19ed17038b089843ac72a024fb161d6, type: 2}
    m_RemovedComponents: []
  m_SourcePrefab: {fileID: 100100000, guid: 49d9525f037266a40ace017edf7b90d7, type: 3}
--- !u!1001 &7992521638900368784
PrefabInstance:
  m_ObjectHideFlags: 0
  serializedVersion: 2
  m_Modification:
    m_TransformParent: {fileID: 7092221985054253697}
    m_Modifications:
    - target: {fileID: 100002, guid: 49d9525f037266a40ace017edf7b90d7, type: 3}
      propertyPath: m_Name
      value: Dirt_CatFootprint (11)
      objectReference: {fileID: 0}
    - target: {fileID: 400002, guid: 49d9525f037266a40ace017edf7b90d7, type: 3}
      propertyPath: m_LocalPosition.x
      value: 0.117
      objectReference: {fileID: 0}
    - target: {fileID: 400002, guid: 49d9525f037266a40ace017edf7b90d7, type: 3}
      propertyPath: m_LocalPosition.y
      value: 0
      objectReference: {fileID: 0}
    - target: {fileID: 400002, guid: 49d9525f037266a40ace017edf7b90d7, type: 3}
      propertyPath: m_LocalPosition.z
      value: -0.367
      objectReference: {fileID: 0}
    - target: {fileID: 400002, guid: 49d9525f037266a40ace017edf7b90d7, type: 3}
      propertyPath: m_LocalRotation.x
      value: -0
      objectReference: {fileID: 0}
    - target: {fileID: 400002, guid: 49d9525f037266a40ace017edf7b90d7, type: 3}
      propertyPath: m_LocalRotation.y
      value: 0.70792955
      objectReference: {fileID: 0}
    - target: {fileID: 400002, guid: 49d9525f037266a40ace017edf7b90d7, type: 3}
      propertyPath: m_LocalRotation.z
      value: -0
      objectReference: {fileID: 0}
    - target: {fileID: 400002, guid: 49d9525f037266a40ace017edf7b90d7, type: 3}
      propertyPath: m_LocalRotation.w
      value: -0.7062831
      objectReference: {fileID: 0}
    - target: {fileID: 400002, guid: 49d9525f037266a40ace017edf7b90d7, type: 3}
      propertyPath: m_RootOrder
      value: 2
      objectReference: {fileID: 0}
    - target: {fileID: 400002, guid: 49d9525f037266a40ace017edf7b90d7, type: 3}
      propertyPath: m_LocalEulerAnglesHint.x
      value: 0
      objectReference: {fileID: 0}
    - target: {fileID: 400002, guid: 49d9525f037266a40ace017edf7b90d7, type: 3}
      propertyPath: m_LocalEulerAnglesHint.y
      value: 269.867
      objectReference: {fileID: 0}
    - target: {fileID: 400002, guid: 49d9525f037266a40ace017edf7b90d7, type: 3}
      propertyPath: m_LocalEulerAnglesHint.z
      value: 0
      objectReference: {fileID: 0}
    - target: {fileID: 400002, guid: 49d9525f037266a40ace017edf7b90d7, type: 3}
      propertyPath: m_LocalScale.x
      value: 0.99999976
      objectReference: {fileID: 0}
    - target: {fileID: 400002, guid: 49d9525f037266a40ace017edf7b90d7, type: 3}
      propertyPath: m_LocalScale.z
      value: 0.99999976
      objectReference: {fileID: 0}
    - target: {fileID: 2300002, guid: 49d9525f037266a40ace017edf7b90d7, type: 3}
      propertyPath: m_Materials.Array.data[0]
      value: 
      objectReference: {fileID: 2100000, guid: e19ed17038b089843ac72a024fb161d6, type: 2}
    m_RemovedComponents: []
  m_SourcePrefab: {fileID: 100100000, guid: 49d9525f037266a40ace017edf7b90d7, type: 3}
--- !u!1001 &8134970262250127478
PrefabInstance:
  m_ObjectHideFlags: 0
  serializedVersion: 2
  m_Modification:
    m_TransformParent: {fileID: 0}
    m_Modifications:
    - target: {fileID: 6771441997847250405, guid: ac2494410f190e04ea48c0eaf4d690ec,
        type: 3}
      propertyPath: m_Name
      value: DirtCatFootprints
      objectReference: {fileID: 0}
    - target: {fileID: 6092958116874054015, guid: ac2494410f190e04ea48c0eaf4d690ec,
        type: 3}
      propertyPath: m_LocalPosition.x
      value: 0
      objectReference: {fileID: 0}
    - target: {fileID: 6092958116874054015, guid: ac2494410f190e04ea48c0eaf4d690ec,
        type: 3}
      propertyPath: m_LocalPosition.y
      value: 0
      objectReference: {fileID: 0}
    - target: {fileID: 6092958116874054015, guid: ac2494410f190e04ea48c0eaf4d690ec,
        type: 3}
      propertyPath: m_LocalPosition.z
      value: 0
      objectReference: {fileID: 0}
    - target: {fileID: 6092958116874054015, guid: ac2494410f190e04ea48c0eaf4d690ec,
        type: 3}
      propertyPath: m_LocalRotation.x
      value: 0
      objectReference: {fileID: 0}
    - target: {fileID: 6092958116874054015, guid: ac2494410f190e04ea48c0eaf4d690ec,
        type: 3}
      propertyPath: m_LocalRotation.y
      value: 0
      objectReference: {fileID: 0}
    - target: {fileID: 6092958116874054015, guid: ac2494410f190e04ea48c0eaf4d690ec,
        type: 3}
      propertyPath: m_LocalRotation.z
      value: 0
      objectReference: {fileID: 0}
    - target: {fileID: 6092958116874054015, guid: ac2494410f190e04ea48c0eaf4d690ec,
        type: 3}
      propertyPath: m_LocalRotation.w
      value: 1
      objectReference: {fileID: 0}
    - target: {fileID: 6092958116874054015, guid: ac2494410f190e04ea48c0eaf4d690ec,
        type: 3}
      propertyPath: m_RootOrder
      value: 0
      objectReference: {fileID: 0}
    - target: {fileID: 6092958116874054015, guid: ac2494410f190e04ea48c0eaf4d690ec,
        type: 3}
      propertyPath: m_LocalEulerAnglesHint.x
      value: 0
      objectReference: {fileID: 0}
    - target: {fileID: 6092958116874054015, guid: ac2494410f190e04ea48c0eaf4d690ec,
        type: 3}
      propertyPath: m_LocalEulerAnglesHint.y
      value: 0
      objectReference: {fileID: 0}
    - target: {fileID: 6092958116874054015, guid: ac2494410f190e04ea48c0eaf4d690ec,
        type: 3}
      propertyPath: m_LocalEulerAnglesHint.z
      value: 0
      objectReference: {fileID: 0}
    - target: {fileID: 6092958116874054015, guid: ac2494410f190e04ea48c0eaf4d690ec,
        type: 3}
      propertyPath: m_LocalScale.x
      value: 2
      objectReference: {fileID: 0}
    - target: {fileID: 6092958116874054015, guid: ac2494410f190e04ea48c0eaf4d690ec,
        type: 3}
      propertyPath: m_LocalScale.y
      value: 2
      objectReference: {fileID: 0}
    - target: {fileID: 6092958116874054015, guid: ac2494410f190e04ea48c0eaf4d690ec,
        type: 3}
      propertyPath: m_LocalScale.z
      value: 2
      objectReference: {fileID: 0}
    - target: {fileID: 111016160407417509, guid: ac2494410f190e04ea48c0eaf4d690ec,
        type: 3}
      propertyPath: m_Size.x
      value: 0.88
      objectReference: {fileID: 0}
    - target: {fileID: 111016160407417509, guid: ac2494410f190e04ea48c0eaf4d690ec,
        type: 3}
      propertyPath: m_Size.z
      value: 0.88
      objectReference: {fileID: 0}
    - target: {fileID: 7204685187184457517, guid: ac2494410f190e04ea48c0eaf4d690ec,
        type: 3}
      propertyPath: m_IsActive
      value: 1
      objectReference: {fileID: 0}
    - target: {fileID: 8872549549769329594, guid: ac2494410f190e04ea48c0eaf4d690ec,
        type: 3}
      propertyPath: m_IsActive
      value: 1
      objectReference: {fileID: 0}
    - target: {fileID: 5798758732338748901, guid: ac2494410f190e04ea48c0eaf4d690ec,
        type: 3}
      propertyPath: m_IsActive
      value: 1
      objectReference: {fileID: 0}
    m_RemovedComponents:
    - {fileID: 111016160407417509, guid: ac2494410f190e04ea48c0eaf4d690ec, type: 3}
  m_SourcePrefab: {fileID: 100100000, guid: ac2494410f190e04ea48c0eaf4d690ec, type: 3}
--- !u!1 &3250973053581116819 stripped
GameObject:
  m_CorrespondingSourceObject: {fileID: 6771441997847250405, guid: ac2494410f190e04ea48c0eaf4d690ec,
    type: 3}
  m_PrefabInstance: {fileID: 8134970262250127478}
  m_PrefabAsset: {fileID: 0}
--- !u!4 &5006736002500722007 stripped
Transform:
  m_CorrespondingSourceObject: {fileID: 3863604163984227617, guid: ac2494410f190e04ea48c0eaf4d690ec,
    type: 3}
  m_PrefabInstance: {fileID: 8134970262250127478}
  m_PrefabAsset: {fileID: 0}
--- !u!4 &4340943630847570776 stripped
Transform:
  m_CorrespondingSourceObject: {fileID: 5538048074965906222, guid: ac2494410f190e04ea48c0eaf4d690ec,
    type: 3}
  m_PrefabInstance: {fileID: 8134970262250127478}
  m_PrefabAsset: {fileID: 0}
--- !u!4 &7092221985054253697 stripped
Transform:
  m_CorrespondingSourceObject: {fileID: 1335768140630909687, guid: ac2494410f190e04ea48c0eaf4d690ec,
    type: 3}
  m_PrefabInstance: {fileID: 8134970262250127478}
  m_PrefabAsset: {fileID: 0}
--- !u!1001 &8873845402966480055
PrefabInstance:
  m_ObjectHideFlags: 0
  serializedVersion: 2
  m_Modification:
    m_TransformParent: {fileID: 5006736002500722007}
    m_Modifications:
    - target: {fileID: 100002, guid: 49d9525f037266a40ace017edf7b90d7, type: 3}
      propertyPath: m_Name
      value: Dirt_CatFootprint
      objectReference: {fileID: 0}
    - target: {fileID: 400002, guid: 49d9525f037266a40ace017edf7b90d7, type: 3}
      propertyPath: m_LocalPosition.x
      value: -0.143
      objectReference: {fileID: 0}
    - target: {fileID: 400002, guid: 49d9525f037266a40ace017edf7b90d7, type: 3}
      propertyPath: m_LocalPosition.y
      value: 0
      objectReference: {fileID: 0}
    - target: {fileID: 400002, guid: 49d9525f037266a40ace017edf7b90d7, type: 3}
      propertyPath: m_LocalPosition.z
      value: 0.207
      objectReference: {fileID: 0}
    - target: {fileID: 400002, guid: 49d9525f037266a40ace017edf7b90d7, type: 3}
      propertyPath: m_LocalRotation.x
      value: -0
      objectReference: {fileID: 0}
    - target: {fileID: 400002, guid: 49d9525f037266a40ace017edf7b90d7, type: 3}
      propertyPath: m_LocalRotation.y
      value: 0.27742833
      objectReference: {fileID: 0}
    - target: {fileID: 400002, guid: 49d9525f037266a40ace017edf7b90d7, type: 3}
      propertyPath: m_LocalRotation.z
      value: -0
      objectReference: {fileID: 0}
    - target: {fileID: 400002, guid: 49d9525f037266a40ace017edf7b90d7, type: 3}
      propertyPath: m_LocalRotation.w
      value: 0.9607464
      objectReference: {fileID: 0}
    - target: {fileID: 400002, guid: 49d9525f037266a40ace017edf7b90d7, type: 3}
      propertyPath: m_RootOrder
      value: 0
      objectReference: {fileID: 0}
    - target: {fileID: 400002, guid: 49d9525f037266a40ace017edf7b90d7, type: 3}
      propertyPath: m_LocalEulerAnglesHint.x
      value: 0
      objectReference: {fileID: 0}
    - target: {fileID: 400002, guid: 49d9525f037266a40ace017edf7b90d7, type: 3}
      propertyPath: m_LocalEulerAnglesHint.y
      value: 32.214
      objectReference: {fileID: 0}
    - target: {fileID: 400002, guid: 49d9525f037266a40ace017edf7b90d7, type: 3}
      propertyPath: m_LocalEulerAnglesHint.z
      value: 0
      objectReference: {fileID: 0}
    - target: {fileID: 2300002, guid: 49d9525f037266a40ace017edf7b90d7, type: 3}
      propertyPath: m_Materials.Array.data[0]
      value: 
      objectReference: {fileID: 2100000, guid: e19ed17038b089843ac72a024fb161d6, type: 2}
    m_RemovedComponents: []
  m_SourcePrefab: {fileID: 100100000, guid: 49d9525f037266a40ace017edf7b90d7, type: 3}
--- !u!1001 &8886757808549185478
PrefabInstance:
  m_ObjectHideFlags: 0
  serializedVersion: 2
  m_Modification:
    m_TransformParent: {fileID: 7092221985054253697}
    m_Modifications:
    - target: {fileID: 100002, guid: 49d9525f037266a40ace017edf7b90d7, type: 3}
      propertyPath: m_Name
      value: Dirt_CatFootprint (10)
      objectReference: {fileID: 0}
    - target: {fileID: 400002, guid: 49d9525f037266a40ace017edf7b90d7, type: 3}
      propertyPath: m_LocalPosition.x
      value: -0.3
      objectReference: {fileID: 0}
    - target: {fileID: 400002, guid: 49d9525f037266a40ace017edf7b90d7, type: 3}
      propertyPath: m_LocalPosition.y
      value: 0
      objectReference: {fileID: 0}
    - target: {fileID: 400002, guid: 49d9525f037266a40ace017edf7b90d7, type: 3}
      propertyPath: m_LocalPosition.z
      value: -0.167
      objectReference: {fileID: 0}
    - target: {fileID: 400002, guid: 49d9525f037266a40ace017edf7b90d7, type: 3}
      propertyPath: m_LocalRotation.x
      value: -0
      objectReference: {fileID: 0}
    - target: {fileID: 400002, guid: 49d9525f037266a40ace017edf7b90d7, type: 3}
      propertyPath: m_LocalRotation.y
      value: 0.9993135
      objectReference: {fileID: 0}
    - target: {fileID: 400002, guid: 49d9525f037266a40ace017edf7b90d7, type: 3}
      propertyPath: m_LocalRotation.z
      value: -0
      objectReference: {fileID: 0}
    - target: {fileID: 400002, guid: 49d9525f037266a40ace017edf7b90d7, type: 3}
      propertyPath: m_LocalRotation.w
      value: -0.037047893
      objectReference: {fileID: 0}
    - target: {fileID: 400002, guid: 49d9525f037266a40ace017edf7b90d7, type: 3}
      propertyPath: m_RootOrder
      value: 1
      objectReference: {fileID: 0}
    - target: {fileID: 400002, guid: 49d9525f037266a40ace017edf7b90d7, type: 3}
      propertyPath: m_LocalEulerAnglesHint.x
      value: 0
      objectReference: {fileID: 0}
    - target: {fileID: 400002, guid: 49d9525f037266a40ace017edf7b90d7, type: 3}
      propertyPath: m_LocalEulerAnglesHint.y
      value: 184.24599
      objectReference: {fileID: 0}
    - target: {fileID: 400002, guid: 49d9525f037266a40ace017edf7b90d7, type: 3}
      propertyPath: m_LocalEulerAnglesHint.z
      value: 0
      objectReference: {fileID: 0}
    - target: {fileID: 400002, guid: 49d9525f037266a40ace017edf7b90d7, type: 3}
      propertyPath: m_LocalScale.x
      value: 1
      objectReference: {fileID: 0}
    - target: {fileID: 400002, guid: 49d9525f037266a40ace017edf7b90d7, type: 3}
      propertyPath: m_LocalScale.z
      value: 1
      objectReference: {fileID: 0}
    - target: {fileID: 2300002, guid: 49d9525f037266a40ace017edf7b90d7, type: 3}
      propertyPath: m_Materials.Array.data[0]
      value: 
      objectReference: {fileID: 2100000, guid: e19ed17038b089843ac72a024fb161d6, type: 2}
    m_RemovedComponents: []
  m_SourcePrefab: {fileID: 100100000, guid: 49d9525f037266a40ace017edf7b90d7, type: 3}
