%YAML 1.1
%TAG !u! tag:unity3d.com,2011:
--- !u!1 &5629910942605995163
GameObject:
  m_ObjectHideFlags: 0
  m_CorrespondingSourceObject: {fileID: 0}
  m_PrefabInstance: {fileID: 0}
  m_PrefabAsset: {fileID: 0}
  serializedVersion: 6
  m_Component:
  - component: {fileID: 8983517929704020677}
  - component: {fileID: 2020365623562865018}
  - component: {fileID: 3352412493190775809}
  m_Layer: 0
  m_Name: UICamera
  m_TagString: Untagged
  m_Icon: {fileID: 0}
  m_NavMeshLayer: 0
  m_StaticEditorFlags: 0
  m_IsActive: 1
--- !u!4 &8983517929704020677
Transform:
  m_ObjectHideFlags: 0
  m_CorrespondingSourceObject: {fileID: 0}
  m_PrefabInstance: {fileID: 0}
  m_PrefabAsset: {fileID: 0}
  m_GameObject: {fileID: 5629910942605995163}
  m_LocalRotation: {x: -0, y: -0, z: -0, w: 1}
  m_LocalPosition: {x: 0, y: 0, z: 0}
  m_LocalScale: {x: 1, y: 1, z: 1}
  m_Children: []
  m_Father: {fileID: 6337981857666258736}
  m_RootOrder: 0
  m_LocalEulerAnglesHint: {x: 0, y: 0, z: 0}
--- !u!20 &2020365623562865018
Camera:
  m_ObjectHideFlags: 0
  m_CorrespondingSourceObject: {fileID: 0}
  m_PrefabInstance: {fileID: 0}
  m_PrefabAsset: {fileID: 0}
  m_GameObject: {fileID: 5629910942605995163}
  m_Enabled: 1
  serializedVersion: 2
  m_ClearFlags: 3
  m_BackGroundColor: {r: 0.19215687, g: 0.3019608, b: 0.4745098, a: 0}
  m_projectionMatrixMode: 1
  m_SensorSize: {x: 36, y: 24}
  m_LensShift: {x: 0, y: 0}
  m_GateFitMode: 2
  m_FocalLength: 50
  m_NormalizedViewPortRect:
    serializedVersion: 2
    x: 0
    y: 0
    width: 1
    height: 1
  near clip plane: 0.3
  far clip plane: 100
  field of view: 60
  orthographic: 1
  orthographic size: 5
  m_Depth: 0
  m_CullingMask:
    serializedVersion: 2
    m_Bits: 32
  m_RenderingPath: -1
  m_TargetTexture: {fileID: 0}
  m_TargetDisplay: 0
  m_TargetEye: 3
  m_HDR: 1
  m_AllowMSAA: 1
  m_AllowDynamicResolution: 0
  m_ForceIntoRT: 0
  m_OcclusionCulling: 1
  m_StereoConvergence: 10
  m_StereoSeparation: 0.022
--- !u!81 &3352412493190775809
AudioListener:
  m_ObjectHideFlags: 0
  m_CorrespondingSourceObject: {fileID: 0}
  m_PrefabInstance: {fileID: 0}
  m_PrefabAsset: {fileID: 0}
  m_GameObject: {fileID: 5629910942605995163}
  m_Enabled: 1
--- !u!1 &7785524787930990625
GameObject:
  m_ObjectHideFlags: 0
  m_CorrespondingSourceObject: {fileID: 0}
  m_PrefabInstance: {fileID: 0}
  m_PrefabAsset: {fileID: 0}
  serializedVersion: 6
  m_Component:
  - component: {fileID: 6337981857666258736}
  m_Layer: 0
  m_Name: UI
  m_TagString: Untagged
  m_Icon: {fileID: 0}
  m_NavMeshLayer: 0
  m_StaticEditorFlags: 0
  m_IsActive: 1
--- !u!4 &6337981857666258736
Transform:
  m_ObjectHideFlags: 0
  m_CorrespondingSourceObject: {fileID: 0}
  m_PrefabInstance: {fileID: 0}
  m_PrefabAsset: {fileID: 0}
  m_GameObject: {fileID: 7785524787930990625}
  m_LocalRotation: {x: 0, y: 0, z: 0, w: 1}
  m_LocalPosition: {x: 3.2324471, y: 0.6875019, z: -0.4075699}
  m_LocalScale: {x: 1, y: 1, z: 1}
  m_Children:
  - {fileID: 8983517929704020677}
  - {fileID: 6008493592419878637}
  m_Father: {fileID: 0}
  m_RootOrder: 0
  m_LocalEulerAnglesHint: {x: 0, y: 0, z: 0}
--- !u!1001 &5713131698636530303
PrefabInstance:
  m_ObjectHideFlags: 0
  serializedVersion: 2
  m_Modification:
    m_TransformParent: {fileID: 6337981857666258736}
    m_Modifications:
    - target: {fileID: 4594091659911816877, guid: 5d8ed54298d4cb74b9928fefd7c9857e,
        type: 3}
      propertyPath: m_Name
      value: InGameMenuCanvas
      objectReference: {fileID: 0}
    - target: {fileID: 2029832691983377554, guid: 5d8ed54298d4cb74b9928fefd7c9857e,
        type: 3}
      propertyPath: m_LocalPosition.x
      value: 0
      objectReference: {fileID: 0}
    - target: {fileID: 2029832691983377554, guid: 5d8ed54298d4cb74b9928fefd7c9857e,
        type: 3}
      propertyPath: m_LocalPosition.y
      value: 0
      objectReference: {fileID: 0}
    - target: {fileID: 2029832691983377554, guid: 5d8ed54298d4cb74b9928fefd7c9857e,
        type: 3}
      propertyPath: m_LocalPosition.z
      value: 0
      objectReference: {fileID: 0}
    - target: {fileID: 2029832691983377554, guid: 5d8ed54298d4cb74b9928fefd7c9857e,
        type: 3}
      propertyPath: m_LocalRotation.x
      value: 0
      objectReference: {fileID: 0}
    - target: {fileID: 2029832691983377554, guid: 5d8ed54298d4cb74b9928fefd7c9857e,
        type: 3}
      propertyPath: m_LocalRotation.y
      value: 0
      objectReference: {fileID: 0}
    - target: {fileID: 2029832691983377554, guid: 5d8ed54298d4cb74b9928fefd7c9857e,
        type: 3}
      propertyPath: m_LocalRotation.z
      value: 0
      objectReference: {fileID: 0}
    - target: {fileID: 2029832691983377554, guid: 5d8ed54298d4cb74b9928fefd7c9857e,
        type: 3}
      propertyPath: m_LocalRotation.w
      value: 1
      objectReference: {fileID: 0}
    - target: {fileID: 2029832691983377554, guid: 5d8ed54298d4cb74b9928fefd7c9857e,
        type: 3}
      propertyPath: m_RootOrder
      value: 1
      objectReference: {fileID: 0}
    - target: {fileID: 2029832691983377554, guid: 5d8ed54298d4cb74b9928fefd7c9857e,
        type: 3}
      propertyPath: m_LocalEulerAnglesHint.x
      value: 0
      objectReference: {fileID: 0}
    - target: {fileID: 2029832691983377554, guid: 5d8ed54298d4cb74b9928fefd7c9857e,
        type: 3}
      propertyPath: m_LocalEulerAnglesHint.y
      value: 0
      objectReference: {fileID: 0}
    - target: {fileID: 2029832691983377554, guid: 5d8ed54298d4cb74b9928fefd7c9857e,
        type: 3}
      propertyPath: m_LocalEulerAnglesHint.z
      value: 0
      objectReference: {fileID: 0}
    - target: {fileID: 2029832691983377554, guid: 5d8ed54298d4cb74b9928fefd7c9857e,
        type: 3}
      propertyPath: m_AnchoredPosition.x
      value: 0
      objectReference: {fileID: 0}
    - target: {fileID: 2029832691983377554, guid: 5d8ed54298d4cb74b9928fefd7c9857e,
        type: 3}
      propertyPath: m_AnchoredPosition.y
      value: 0
      objectReference: {fileID: 0}
    - target: {fileID: 2029832691983377554, guid: 5d8ed54298d4cb74b9928fefd7c9857e,
        type: 3}
      propertyPath: m_SizeDelta.x
      value: 0
      objectReference: {fileID: 0}
    - target: {fileID: 2029832691983377554, guid: 5d8ed54298d4cb74b9928fefd7c9857e,
        type: 3}
      propertyPath: m_SizeDelta.y
      value: 0
      objectReference: {fileID: 0}
    - target: {fileID: 2029832691983377554, guid: 5d8ed54298d4cb74b9928fefd7c9857e,
        type: 3}
      propertyPath: m_AnchorMin.x
      value: 0
      objectReference: {fileID: 0}
    - target: {fileID: 2029832691983377554, guid: 5d8ed54298d4cb74b9928fefd7c9857e,
        type: 3}
      propertyPath: m_AnchorMin.y
      value: 0
      objectReference: {fileID: 0}
    - target: {fileID: 2029832691983377554, guid: 5d8ed54298d4cb74b9928fefd7c9857e,
        type: 3}
      propertyPath: m_AnchorMax.x
      value: 0
      objectReference: {fileID: 0}
    - target: {fileID: 2029832691983377554, guid: 5d8ed54298d4cb74b9928fefd7c9857e,
        type: 3}
      propertyPath: m_AnchorMax.y
      value: 0
      objectReference: {fileID: 0}
    - target: {fileID: 2029832691983377554, guid: 5d8ed54298d4cb74b9928fefd7c9857e,
        type: 3}
      propertyPath: m_Pivot.x
      value: 0
      objectReference: {fileID: 0}
    - target: {fileID: 2029832691983377554, guid: 5d8ed54298d4cb74b9928fefd7c9857e,
        type: 3}
      propertyPath: m_Pivot.y
      value: 0
      objectReference: {fileID: 0}
    - target: {fileID: 1991046502387914345, guid: 5d8ed54298d4cb74b9928fefd7c9857e,
        type: 3}
      propertyPath: m_RenderMode
      value: 1
      objectReference: {fileID: 0}
    - target: {fileID: 1991046502387914345, guid: 5d8ed54298d4cb74b9928fefd7c9857e,
        type: 3}
      propertyPath: m_Camera
      value: 
      objectReference: {fileID: 2020365623562865018}
    - target: {fileID: 1991046502387914345, guid: 5d8ed54298d4cb74b9928fefd7c9857e,
        type: 3}
      propertyPath: m_PlaneDistance
      value: 50
      objectReference: {fileID: 0}
    - target: {fileID: 8440082104958147510, guid: 5d8ed54298d4cb74b9928fefd7c9857e,
        type: 3}
      propertyPath: m_UiScaleMode
      value: 1
      objectReference: {fileID: 0}
    - target: {fileID: 8440082104958147510, guid: 5d8ed54298d4cb74b9928fefd7c9857e,
        type: 3}
      propertyPath: m_ReferenceResolution.y
      value: 800
      objectReference: {fileID: 0}
    - target: {fileID: 8440082104958147510, guid: 5d8ed54298d4cb74b9928fefd7c9857e,
        type: 3}
      propertyPath: m_ScreenMatchMode
      value: 1
      objectReference: {fileID: 0}
    - target: {fileID: 3544797305506148062, guid: 5d8ed54298d4cb74b9928fefd7c9857e,
        type: 3}
      propertyPath: m_TargetGraphic
      value: 
      objectReference: {fileID: 7017385076781583120}
    - target: {fileID: 1909951738858933098, guid: 5d8ed54298d4cb74b9928fefd7c9857e,
        type: 3}
      propertyPath: m_TargetGraphic
      value: 
      objectReference: {fileID: 8957049162866422619}
    - target: {fileID: 2109959305789603294, guid: 5d8ed54298d4cb74b9928fefd7c9857e,
        type: 3}
      propertyPath: m_TargetGraphic
      value: 
      objectReference: {fileID: 5387427568136530865}
    - target: {fileID: 355345536, guid: 5d8ed54298d4cb74b9928fefd7c9857e, type: 3}
      propertyPath: m_TargetGraphic
      value: 
      objectReference: {fileID: 5713131698857641726}
    - target: {fileID: 551412818, guid: 5d8ed54298d4cb74b9928fefd7c9857e, type: 3}
      propertyPath: m_TargetGraphic
      value: 
      objectReference: {fileID: 5713131698105665068}
    - target: {fileID: 952780669, guid: 5d8ed54298d4cb74b9928fefd7c9857e, type: 3}
      propertyPath: m_TargetGraphic
      value: 
      objectReference: {fileID: 5713131698238743809}
    - target: {fileID: 772722347, guid: 5d8ed54298d4cb74b9928fefd7c9857e, type: 3}
      propertyPath: m_TargetGraphic
      value: 
      objectReference: {fileID: 5713131697932856531}
    - target: {fileID: 443784618, guid: 5d8ed54298d4cb74b9928fefd7c9857e, type: 3}
      propertyPath: m_TargetGraphic
      value: 
      objectReference: {fileID: 5713131698803359700}
    - target: {fileID: 431083537, guid: 5d8ed54298d4cb74b9928fefd7c9857e, type: 3}
      propertyPath: m_TargetGraphic
      value: 
      objectReference: {fileID: 5713131698799047277}
    - target: {fileID: 7248122098261027117, guid: 5d8ed54298d4cb74b9928fefd7c9857e,
        type: 3}
      propertyPath: m_IsActive
      value: 1
      objectReference: {fileID: 0}
    - target: {fileID: 877532739928837711, guid: 5d8ed54298d4cb74b9928fefd7c9857e,
        type: 3}
      propertyPath: m_AnchoredPosition.x
      value: 54.30005
      objectReference: {fileID: 0}
    - target: {fileID: 6348088682499504689, guid: 5d8ed54298d4cb74b9928fefd7c9857e,
        type: 3}
      propertyPath: m_AnchorMin.x
      value: 0
      objectReference: {fileID: 0}
    - target: {fileID: 6348088682499504689, guid: 5d8ed54298d4cb74b9928fefd7c9857e,
        type: 3}
      propertyPath: m_AnchorMax.x
      value: 0
      objectReference: {fileID: 0}
    - target: {fileID: 6348088682499504689, guid: 5d8ed54298d4cb74b9928fefd7c9857e,
        type: 3}
      propertyPath: m_AnchorMax.y
      value: 0
      objectReference: {fileID: 0}
    - target: {fileID: 2340445016908837580, guid: 5d8ed54298d4cb74b9928fefd7c9857e,
        type: 3}
      propertyPath: m_TargetGraphic
      value: 
      objectReference: {fileID: 4073052533439685707}
    - target: {fileID: 2340445016908837580, guid: 5d8ed54298d4cb74b9928fefd7c9857e,
        type: 3}
      propertyPath: m_FillRect
      value: 
      objectReference: {fileID: 3616465655776846676}
    - target: {fileID: 2340445016908837580, guid: 5d8ed54298d4cb74b9928fefd7c9857e,
        type: 3}
      propertyPath: m_HandleRect
      value: 
      objectReference: {fileID: 1680385851014404174}
    - target: {fileID: 2340445016908837580, guid: 5d8ed54298d4cb74b9928fefd7c9857e,
        type: 3}
      propertyPath: m_Value
      value: 0
      objectReference: {fileID: 0}
    - target: {fileID: 9041358163906625835, guid: 5d8ed54298d4cb74b9928fefd7c9857e,
        type: 3}
      propertyPath: m_AnchorMax.x
      value: 0
      objectReference: {fileID: 0}
    - target: {fileID: 9041358163906625835, guid: 5d8ed54298d4cb74b9928fefd7c9857e,
        type: 3}
      propertyPath: m_AnchorMax.y
      value: 0
      objectReference: {fileID: 0}
    m_RemovedComponents: []
  m_SourcePrefab: {fileID: 100100000, guid: 5d8ed54298d4cb74b9928fefd7c9857e, type: 3}
--- !u!224 &6008493592419878637 stripped
RectTransform:
  m_CorrespondingSourceObject: {fileID: 2029832691983377554, guid: 5d8ed54298d4cb74b9928fefd7c9857e,
    type: 3}
  m_PrefabInstance: {fileID: 5713131698636530303}
  m_PrefabAsset: {fileID: 0}
--- !u!114 &5387427568136530865 stripped
MonoBehaviour:
  m_CorrespondingSourceObject: {fileID: 399382029527779790, guid: 5d8ed54298d4cb74b9928fefd7c9857e,
    type: 3}
  m_PrefabInstance: {fileID: 5713131698636530303}
  m_PrefabAsset: {fileID: 0}
  m_GameObject: {fileID: 0}
  m_Enabled: 0
  m_EditorHideFlags: 0
  m_Script: {fileID: -765806418, guid: f70555f144d8491a825f0804e09c671c, type: 3}
  m_Name: 
  m_EditorClassIdentifier: 
--- !u!114 &7017385076781583120 stripped
MonoBehaviour:
  m_CorrespondingSourceObject: {fileID: 3326996354348132719, guid: 5d8ed54298d4cb74b9928fefd7c9857e,
    type: 3}
  m_PrefabInstance: {fileID: 5713131698636530303}
  m_PrefabAsset: {fileID: 0}
  m_GameObject: {fileID: 0}
  m_Enabled: 0
  m_EditorHideFlags: 0
  m_Script: {fileID: -765806418, guid: f70555f144d8491a825f0804e09c671c, type: 3}
  m_Name: 
  m_EditorClassIdentifier: 
--- !u!114 &8957049162866422619 stripped
MonoBehaviour:
  m_CorrespondingSourceObject: {fileID: 3676287236235448612, guid: 5d8ed54298d4cb74b9928fefd7c9857e,
    type: 3}
  m_PrefabInstance: {fileID: 5713131698636530303}
  m_PrefabAsset: {fileID: 0}
  m_GameObject: {fileID: 0}
  m_Enabled: 0
  m_EditorHideFlags: 0
  m_Script: {fileID: -765806418, guid: f70555f144d8491a825f0804e09c671c, type: 3}
  m_Name: 
  m_EditorClassIdentifier: 
--- !u!114 &5713131698857641726 stripped
MonoBehaviour:
  m_CorrespondingSourceObject: {fileID: 355345537, guid: 5d8ed54298d4cb74b9928fefd7c9857e,
    type: 3}
  m_PrefabInstance: {fileID: 5713131698636530303}
  m_PrefabAsset: {fileID: 0}
  m_GameObject: {fileID: 0}
  m_Enabled: 0
  m_EditorHideFlags: 0
  m_Script: {fileID: -765806418, guid: f70555f144d8491a825f0804e09c671c, type: 3}
  m_Name: 
  m_EditorClassIdentifier: 
--- !u!114 &5713131698105665068 stripped
MonoBehaviour:
  m_CorrespondingSourceObject: {fileID: 551412819, guid: 5d8ed54298d4cb74b9928fefd7c9857e,
    type: 3}
  m_PrefabInstance: {fileID: 5713131698636530303}
  m_PrefabAsset: {fileID: 0}
  m_GameObject: {fileID: 0}
  m_Enabled: 0
  m_EditorHideFlags: 0
  m_Script: {fileID: -765806418, guid: f70555f144d8491a825f0804e09c671c, type: 3}
  m_Name: 
  m_EditorClassIdentifier: 
--- !u!114 &5713131698238743809 stripped
MonoBehaviour:
  m_CorrespondingSourceObject: {fileID: 952780670, guid: 5d8ed54298d4cb74b9928fefd7c9857e,
    type: 3}
  m_PrefabInstance: {fileID: 5713131698636530303}
  m_PrefabAsset: {fileID: 0}
  m_GameObject: {fileID: 0}
  m_Enabled: 0
  m_EditorHideFlags: 0
  m_Script: {fileID: -765806418, guid: f70555f144d8491a825f0804e09c671c, type: 3}
  m_Name: 
  m_EditorClassIdentifier: 
--- !u!114 &5713131697932856531 stripped
MonoBehaviour:
  m_CorrespondingSourceObject: {fileID: 772722348, guid: 5d8ed54298d4cb74b9928fefd7c9857e,
    type: 3}
  m_PrefabInstance: {fileID: 5713131698636530303}
  m_PrefabAsset: {fileID: 0}
  m_GameObject: {fileID: 0}
  m_Enabled: 0
  m_EditorHideFlags: 0
  m_Script: {fileID: -765806418, guid: f70555f144d8491a825f0804e09c671c, type: 3}
  m_Name: 
  m_EditorClassIdentifier: 
--- !u!114 &5713131698803359700 stripped
MonoBehaviour:
  m_CorrespondingSourceObject: {fileID: 443784619, guid: 5d8ed54298d4cb74b9928fefd7c9857e,
    type: 3}
  m_PrefabInstance: {fileID: 5713131698636530303}
  m_PrefabAsset: {fileID: 0}
  m_GameObject: {fileID: 0}
  m_Enabled: 0
  m_EditorHideFlags: 0
  m_Script: {fileID: -765806418, guid: f70555f144d8491a825f0804e09c671c, type: 3}
  m_Name: 
  m_EditorClassIdentifier: 
--- !u!114 &5713131698799047277 stripped
MonoBehaviour:
  m_CorrespondingSourceObject: {fileID: 431083538, guid: 5d8ed54298d4cb74b9928fefd7c9857e,
    type: 3}
  m_PrefabInstance: {fileID: 5713131698636530303}
  m_PrefabAsset: {fileID: 0}
  m_GameObject: {fileID: 0}
  m_Enabled: 0
  m_EditorHideFlags: 0
  m_Script: {fileID: -765806418, guid: f70555f144d8491a825f0804e09c671c, type: 3}
  m_Name: 
  m_EditorClassIdentifier: 
--- !u!224 &3616465655776846676 stripped
RectTransform:
  m_CorrespondingSourceObject: {fileID: 9041358163906625835, guid: 5d8ed54298d4cb74b9928fefd7c9857e,
    type: 3}
  m_PrefabInstance: {fileID: 5713131698636530303}
  m_PrefabAsset: {fileID: 0}
--- !u!224 &1680385851014404174 stripped
RectTransform:
  m_CorrespondingSourceObject: {fileID: 6348088682499504689, guid: 5d8ed54298d4cb74b9928fefd7c9857e,
    type: 3}
  m_PrefabInstance: {fileID: 5713131698636530303}
  m_PrefabAsset: {fileID: 0}
--- !u!114 &4073052533439685707 stripped
MonoBehaviour:
  m_CorrespondingSourceObject: {fileID: 8633256107448223284, guid: 5d8ed54298d4cb74b9928fefd7c9857e,
    type: 3}
  m_PrefabInstance: {fileID: 5713131698636530303}
  m_PrefabAsset: {fileID: 0}
  m_GameObject: {fileID: 0}
  m_Enabled: 0
  m_EditorHideFlags: 0
  m_Script: {fileID: -765806418, guid: f70555f144d8491a825f0804e09c671c, type: 3}
  m_Name: 
  m_EditorClassIdentifier: 
